% Encoding: UTF-8

% Jamis Buck: Mazes for Programmers
@book{Buck2010,
    author = {Buck, Jamis},
    title = {Mazes for Programmers},
	subtitle = {Code Your Own Twisty Little Passages},
    year = {20}
}

% The Indie Game Dev Survival Guide
@book{Michael03,
	author = {Michael, David},
	title = {The Indie Game Development Survival Guide},
	year = {2003},
	publisher = {Charles River Media}
}

% The Game Production Handbook
@book{Chandler09,
	author = {Chandler, Heather Maxwell},
	title = {The Game Production Handbook},
	publisher = {Infinity Science Press},
	year = {2009},
	edition = {2nd}
}

% Article about waterfall from dcsl software
@online{Kienitz17,
	author = {Kienitz, Pal},
	title = {The pros and cons of Waterfall Software Development},
	year = {2017},
	url = {https://www.dcslsoftware.com/pros-cons-waterfall-software-development/},
	urldate = {2018-02-16}
}

% 
@online{Melonfire06,
	author = {Melonfire},
	title = {Understanding the pros and cons of the Waterfall Model of software development},
	year = {2006},
	url = {https://www.techrepublic.com/article/understanding-the-pros-and-cons-of-the-waterfall-model-of-software-development/},
	urldate = {2018-02-16}
}

% Blog post by Andrew Powell-Morse on Waterfall
@online{Powell-Morse16,
	author = {Powell-Morse, Andrew},
	title = {Waterfall Model: What Is It and When Should You Use It?},
	year = {2016},
	url = {https://airbrake.io/blog/sdlc/waterfall-model},
	urldate = {2018-02-16}
}

@online{Bowes14,
	author = {Bowes, Jim},
	title = {Agile vs Waterfall: Comparing project management methods},
	year = {2014},
	url = {https://manifesto.co.uk/agile-vs-waterfall-comparing-project-management-methodologies/},
	urldate = {2018-02-18}
}

@online{Bull15,
	author = {Bull, Nich},
	title = {5 advantages and disadvantages of agile project management},
	year = {2015},
	url = {https://www.linkedin.com/pulse/5-advantages-disadvantages-agile-project-management-nich-bull},
	urldate = {2018-02-18}
}

@online{Preisz12,
	author = {Preisz, Eric},
	title = {Waterfall Game Development Done Right},
	year = {2012},
	url = {https://www.gamasutra.com/view/feature/181992/waterfall_game_development_done_.php},
	urldate = {2018-02-20}
}

@online{Lucidchart17,
	author = {Lucidchart, Content Team},
	title = {The Pros and Cons of Waterfall Methodology},
	year = {2017},
	url = {https://www.lucidchart.com/blog/pros-and-cons-of-waterfall-methodology},
	urldate = {2018-02-20}
}

@online{Robinson16,
	author = {Robinson, Chris},
	title = {An insight into Game Development Stages and the role of the Game Design Document},
	year = {2016},
	url = {https://www.linkedin.com/pulse/insight-game-development-stages-role-design-document-chris-robinson},
	urldate = {2018-02-23}
}

@online{Olic,
	author = {Olic, Aleksandar},
	title = {Advantages and Disadvantages of Agile Project Management},
	year = {n.d.},
	url = {https://activecollab.com/blog/project-management/agile-project-management-advantages-disadvantages},
	urldate = {2018-02-23}
}

@online{Moga,
	author = {Moga, Branislav},
	title = {What is a Scope Creep?},
	year = {n.d.},
	url = {https://activecollab.com/blog/project-management/what-is-scope-creep},
	urldate = {2018-02-23}
}

@online{Logica18,
	author = {360 Logica},
	title = {Agile Development â€“ Advantages, Disadvantages and when to use it?},
	year = {2018},
	url = {https://www.360logica.com/blog/agile-development-advantages-disadvantages-and-when-to-use-it/},
	urldate = {2018-02-22}
}

@online{Eriksson15,
	author = {Eriksson, Ulf},
	title = {Combining Agile and Waterfall methodologies: Overkill or Genius Idea?},
	year = {2015},
	url = {https://reqtest.com/agile-blog/combining-agile-and-waterfall-methodologies-overkill-or-genius-idea/},
	urldate = {2018-02-23}
}